@Misc{gpkit,
      author={Edward Burnell and Warren Hoburg},
      title={GPkit software for geometric programming},
      howpublished={\url{https://github.com/convexengineering/gpkit}},
      year={2014},
      note={Version 0.9.0}
     }
     
     
@book{huang1992,
  title={Modern engineering for design of liquid-propellant rocket engines},
  author={Huang, David H and Huzel, Dieter K},
  year={1992},
  publisher={American Institute of Aeronautics and Astronautics}
}

@book{lange,
  title={Lange's handbook of chemistry},
  author={Dean, John Aurie},
  year={1999},
  publisher={New york; London: McGraw-Hill, Inc.}
}

@online{vapourPressure_engToolbox, 
title={Propane Butane Mixures - Evaporation Pressures}, 
url={https://www.engineeringtoolbox.com/propane-butane-mix-d_1043.html},
howpublished={\url{https://www.engineeringtoolbox.com/propane-butane-mix-d_1043.html}},
 journal={Engineering ToolBox}}